\setlength\itemsep{-0.1em}
@article{DBLP:journals/corr/RaghuKCSG17,
  author    = {Aniruddh Raghu and
               Matthieu Komorowski and
               Leo Anthony Celi and
               Peter Szolovits and
               Marzyeh Ghassemi},
  title     = {Continuous State-Space Models for Optimal Sepsis Treatment - a Deep
               Reinforcement Learning Approach},
  journal   = {CoRR},
  volume    = {abs/1705.08422},
  year      = {2017},
  url       = {http://arxiv.org/abs/1705.08422},
  archivePrefix = {arXiv},
  eprint    = {1705.08422},
  timestamp = {Wed, 07 Jun 2017 14:41:51 +0200},
  biburl    = {http://dblp.org/rec/bib/journals/corr/RaghuKCSG17},
  bibsource = {dblp computer science bibliography, http://dblp.org}
}

@article{parbhoo2017combining,
  title={Combining Kernel and Model Based Learning for HIV Therapy Selection},
  author={Parbhoo, Sonali and Bogojeska, Jasmina and Zazzi, Maurizio and Roth, Volker and Doshi-Velez, Finale},
  journal={AMIA Summits on Translational Science Proceedings},
  volume={2017},
  pages={239},
  year={2017},
  publisher={American Medical Informatics Association}
}

@article{DBLP:journals/corr/abs-1207-4708,
  author    = {Marc G. Bellemare and
               Yavar Naddaf and
               Joel Veness and
               Michael Bowling},
  title     = {The Arcade Learning Environment: An Evaluation Platform for General
               Agents},
  journal   = {CoRR},
  volume    = {abs/1207.4708},
  year      = {2012},
  url       = {http://arxiv.org/abs/1207.4708},
  timestamp = {Wed, 07 Jun 2017 14:43:03 +0200},
  biburl    = {http://dblp.uni-trier.de/rec/bib/journals/corr/abs-1207-4708},
  bibsource = {dblp computer science bibliography, http://dblp.org}
}

@article{DBLP:journals/corr/MnihKSGAWR13,
  author    = {Volodymyr Mnih and
               Koray Kavukcuoglu and
               David Silver and
               Alex Graves and
               Ioannis Antonoglou and
               Daan Wierstra and
               Martin A. Riedmiller},
  title     = {Playing Atari with Deep Reinforcement Learning},
  journal   = {CoRR},
  volume    = {abs/1312.5602},
  year      = {2013},
  url       = {http://arxiv.org/abs/1312.5602},
  timestamp = {Wed, 07 Jun 2017 14:43:06 +0200},
  biburl    = {http://dblp.uni-trier.de/rec/bib/journals/corr/MnihKSGAWR13},
  bibsource = {dblp computer science bibliography, http://dblp.org}
}

@article{wang2015dueling,
  title={Dueling network architectures for deep reinforcement learning},
  author={Wang, Ziyu and Schaul, Tom and Hessel, Matteo and Van Hasselt, Hado and Lanctot, Marc and De Freitas, Nando},
  journal={arXiv preprint arXiv:1511.06581},
  year={2015}
}

@article{breuer2004intensive,
  title={The Intensive Care Simulator: a new teaching-concept to train severe sepsis management},
  author={Breuer, G and Riss, R and Schr{\"o}der, T and M{\"o}nk, S and Sch{\"u}ttler, J},
  journal={Deutsche medizinische Wochenschrift (1946)},
  volume={129},
  number={48},
  pages={2586--2589},
  year={2004}
}

@article{esteban2017real,
  title={Real-valued (Medical) Time Series Generation with Recurrent Conditional GANs},
  author={Esteban, Crist{\'o}bal and Hyland, Stephanie L and R{\"a}tsch, Gunnar},
  journal={arXiv preprint arXiv:1706.02633},
  year={2017}
}

@article{clermont2004dynamic,
  title={Dynamic microsimulation to model multiple outcomes in cohorts of critically ill patients},
  author={Clermont, Gilles and Kaplan, Vladimir and Moreno, Rui and Vincent, Jean-Louis and Linde-Zwirble, Walter T and Van Hout, Ben and Angus, Derek C},
  journal={Intensive care medicine},
  volume={30},
  number={12},
  pages={2237--2244},
  year={2004},
  publisher={Springer}
}

@article{saka2007use,
  title={Use of dynamic microsimulation to predict disease progression in patients with pneumonia-related sepsis},
  author={Saka, G{\"o}rkem and Kreke, Jennifer E and Schaefer, Andrew J and Chang, Chung-Chou H and Roberts, Mark S and Angus, Derek C and GenIMS Investigators and others},
  journal={Critical Care},
  volume={11},
  number={3},
  pages={R65},
  year={2007},
  publisher={BioMed Central}
}

@inproceedings{maclaurin2015autograd,
  title={Autograd: Effortless gradients in numpy},
  author={Maclaurin, Dougal and Duvenaud, David and Adams, Ryan P},
  booktitle={ICML 2015 AutoML Workshop},
  year={2015}
}

@inproceedings{thomas2016data,
  title={Data-efficient off-policy policy evaluation for reinforcement learning},
  author={Thomas, Philip and Brunskill, Emma},
  booktitle={International Conference on Machine Learning},
  pages={2139--2148},
  year={2016}
}


@article{liumodel,
  title={Model Selection for Off-Policy Policy Evaluation},
  author={Liu, Yao and Thomas, Philip S and Brunskill, Emma},
  biburl    = {http://psthomas.com/papers/Yao2017.pdf}
}

@article{shazeer2017outrageously,
  title={Outrageously large neural networks: The sparsely-gated mixture-of-experts layer},
  author={Shazeer, Noam and Mirhoseini, Azalia and Maziarz, Krzysztof and Davis, Andy and Le, Quoc and Hinton, Geoffrey and Dean, Jeff},
  journal={arXiv preprint arXiv:1701.06538},
  year={2017}
}

@article{waechter2014interaction,
  title={Interaction between fluids and vasoactive agents on mortality in septic shock: a multicenter, observational study},
  author={Waechter, Jason and Kumar, Anand and Lapinsky, Stephen E and Marshall, John and Dodek, Peter and Arabi, Yaseen and Parrillo, Joseph E and Dellinger, R Phillip and Garland, Allan and Cooperative Antimicrobial Therapy of Septic Shock Database Research Group and others},
  journal={Critical care medicine},
  volume={42},
  number={10},
  pages={2158--2168},
  year={2014},
  publisher={LWW}
}

@article{johnson2016mimic,
  title={MIMIC-III, a freely accessible critical care database},
  author={Johnson, Alistair EW and Pollard, Tom J and Shen, Lu and Lehman, Li-wei H and Feng, Mengling and Ghassemi, Mohammad and Moody, Benjamin and Szolovits, Peter and Celi, Leo Anthony and Mark, Roger G},
  journal={Scientific data},
  volume={3},
  year={2016},
  publisher={Nature Publishing Group}
}

@article{jones2009sequential,
  title={The Sequential Organ Failure Assessment score for predicting outcome in patients with severe sepsis and evidence of hypoperfusion at the time of emergency department presentation},
  author={Jones, Alan E and Trzeciak, Stephen and Kline, Jeffrey A},
  journal={Critical care medicine},
  volume={37},
  number={5},
  pages={1649},
  year={2009},
  publisher={NIH Public Access}
}

@article{beier2011elevation,
  title={Elevation of BUN is predictive of long-term mortality in critically ill patients independent of'normal'creatinine},
  author={Beier, Kevin and Eppanapally, Sabitha and Bazick, Heidi S and Chang, Domingo and Mahadevappa, Karthik and Gibbons, Fiona K and Christopher, Kenneth B},
  journal={Critical care medicine},
  volume={39},
  number={2},
  pages={305},
  year={2011},
  publisher={NIH Public Access}
}

@inproceedings{tamion2010albumin,
  title={Albumin in sepsis},
  author={Tamion, F},
  booktitle={Annales francaises d'anesthesie et de reanimation},
  volume={29},
  number={9},
  pages={629--634},
  year={2010}
}

@article{jiang2015doubly,
  title={Doubly robust off-policy value evaluation for reinforcement learning},
  author={Jiang, Nan and Li, Lihong},
  journal={arXiv preprint arXiv:1511.03722},
  year={2015}
}

@article{powell1966weighted,
  title={Weighted uniform samplingâ€”a Monte Carlo technique for reducing variance},
  author={Powell, MJD and Swann, J},
  journal={IMA Journal of Applied Mathematics},
  volume={2},
  number={3},
  pages={228--236},
  year={1966},
  publisher={Oxford University Press}
}

@inproceedings{van2016deep,
  title={Deep Reinforcement Learning with Double Q-Learning.},
  author={Van Hasselt, Hado and Guez, Arthur and Silver, David},
  booktitle={AAAI},
  volume={16},
  pages={2094--2100},
  year={2016}
}

@article{schaul2015prioritized,
  title={Prioritized experience replay},
  author={Schaul, Tom and Quan, John and Antonoglou, Ioannis and Silver, David},
  journal={arXiv preprint arXiv:1511.05952},
  year={2015}
}

@article{norman2005research,
  title={Research in clinical reasoning: past history and current trends},
  author={Norman, Geoffrey},
  journal={Medical education},
  volume={39},
  number={4},
  pages={418--427},
  year={2005},
  publisher={Wiley Online Library}
}

@article{mnih2015human,
  title={Human-level control through deep reinforcement learning},
  author={Mnih, Volodymyr and Kavukcuoglu, Koray and Silver, David and Rusu, Andrei A and Veness, Joel and Bellemare, Marc G and Graves, Alex and Riedmiller, Martin and Fidjeland, Andreas K and Ostrovski, Georg and others},
  journal={Nature},
  volume={518},
  number={7540},
  pages={529},
  year={2015},
  publisher={Nature Publishing Group}
}

@article{seymour2017time,
  title={Time to treatment and mortality during mandated emergency care for sepsis},
  author={Seymour, Christopher W and Gesten, Foster and Prescott, Hallie C and Friedrich, Marcus E and Iwashyna, Theodore J and Phillips, Gary S and Lemeshow, Stanley and Osborn, Tiffany and Terry, Kathleen M and Levy, Mitchell M},
  journal={New England Journal of Medicine},
  volume={376},
  number={23},
  pages={2235--2244},
  year={2017},
  publisher={Mass Medical Soc}
}

@article{pfuntner2006costs,
  title={Costs for hospital stays in the United States, 2011: Statistical Brief\# 168},
  author={Pfuntner, Anne and Wier, Lauren M and Steiner, Claudia},
  year={2006},
  publisher={Agency for Healthcare Research and Quality (US), Rockville (MD)}
}

@article{rhee2017incidence,
  title={Incidence and trends of sepsis in US hospitals using clinical vs claims data, 2009-2014},
  author={Rhee, Chanu and Dantes, Raymund and Epstein, Lauren and Murphy, David J and Seymour, Christopher W and Iwashyna, Theodore J and Kadri, Sameer S and Angus, Derek C and Danner, Robert L and Fiore, Anthony E and others},
  journal={Jama},
  volume={318},
  number={13},
  pages={1241--1249},
  year={2017},
  publisher={American Medical Association}
}


@article{marik2015demise,
  title={The demise of early goal-directed therapy for severe sepsis and septic shock},
  author={Marik, PE},
  journal={Acta Anaesthesiologica Scandinavica},
  volume={59},
  number={5},
  pages={561--567},
  year={2015},
  publisher={Wiley Online Library}
}

@article{tsoukalas2015data,
  title={From data to optimal decision making: a data-driven, probabilistic machine learning approach to decision support for patients with sepsis},
  author={Tsoukalas, Athanasios and Albertson, Timothy and Tagkopoulos, Ilias},
  journal={JMIR medical informatics},
  volume={3},
  number={1},
  year={2015},
  publisher={JMIR Publications Inc.}
}

@article{prasad2017reinforcement,
  title={A reinforcement learning approach to weaning of mechanical ventilation in intensive care units},
  author={Prasad, Niranjani and Cheng, Li-Fang and Chivers, Corey and Draugelis, Michael and Engelhardt, Barbara E},
  journal={arXiv preprint arXiv:1704.06300},
  year={2017}
}


@article{pirracchio2015mortality,
  title={Mortality prediction in intensive care units with the Super ICU Learner Algorithm (SICULA): a population-based study},
  author={Pirracchio, Romain and Petersen, Maya L and Carone, Marco and Rigon, Matthieu Resche and Chevret, Sylvie and van der Laan, Mark J},
  journal={The Lancet Respiratory Medicine},
  volume={3},
  number={1},
  pages={42--52},
  year={2015},
  publisher={Elsevier}
}

@article{ju2018relative,
  title={The relative performance of ensemble methods with deep convolutional neural networks for image classification},
  author={Ju, Cheng and Bibaut, Aur{\'e}lien and van der Laan, Mark},
  journal={Journal of Applied Statistics},
  pages={1--19},
  year={2018},
  publisher={Taylor \& Francis}
}


@article{kelm2015,
  title={Fluid Overload in Patients with Severe Sepsis and Septic Shock 
Treated with Early-Goal Directed Therapy is Associated with 
Increased Acute Need for Fluid-Related Medical Interventions 
and Hospital Death},
  author={Kelm, Diana and Perrin, Jared T. and Cartin-Ceba, Rodrigo and
Gajic,Ognjen  and  Schenck,Louis and Kenned, Cassie},
  journal={Shock},
  volume = {43},
  number = {1},
  pages={68--73},
  year={2015}
}

@inproceedings{qiu2014ensemble,
  title={Ensemble deep learning for regression and time series forecasting},
  author={Qiu, Xueheng and Zhang, Le and Ren, Ye and Suganthan, Ponnuthurai N and Amaratunga, Gehan},
  booktitle={Computational Intelligence in Ensemble Learning (CIEL), 2014 IEEE Symposium on},
  pages={1--6},
  year={2014},
  organization={IEEE}
}

@inproceedings{thapa2005agent,
  title={Agent based decision support system using reinforcement learning under emergency circumstances},
  author={Thapa, Devinder and Jung, In-Sung and Wang, Gi-Nam},
  booktitle={International Conference on Natural Computation},
  pages={888--892},
  year={2005},
  organization={Springer}
}

@article{rajpurkar2017malaria,
  title={Malaria Likelihood Prediction By Effectively Surveying Households Using Deep Reinforcement Learning},
  author={Rajpurkar, Pranav and Polamreddi, Vinaya and Balakrishnan, Anusha},
  journal={arXiv preprint arXiv:1711.09223},
  year={2017}
}

@phdthesis{parbhoo2014reinforcement,
  title={A reinforcement learning design for HIV clinical trials},
  author={Parbhoo, Sonali},
  year={2014}
}

@unpublished{nips2017timl,
title= {Transparent and interpretable Machine Learning in Safety Critical Environments},
author = {Andrew Ross},
year = {2017},
note= {NIPS},
URL= {https://nips.cc/Conferences/2017/Schedule?showEvent=8789}
}

@inproceedings{komorowski2016markov,
  title={A Markov Decision Process to suggest optimal treatment of severe infections in intensive care},
  author={Komorowski, M and Gordon, A and Celi, LA and Faisal, A},
  booktitle={Neural Information Processing Systems Workshop on Machine Learning for Health},
  year={2016}
}