%% This BibTeX bibliography file was created using BibDesk.
%% http://bibdesk.sourceforge.net/

%% Saved with string encoding Unicode (UTF-8) 

@book{bertsekas1995dynamic,
  title={Dynamic programming and optimal control},
  author={Bertsekas, Dimitri P and Tsitsiklis, John N.},
  year={1995},
  publisher={Athena Scientific Belmont, MA}
}

@misc{1606.01540,
        Author = {Greg Brockman and Vicki Cheung and Ludwig Pettersson and Jonas Schneider and John Schulman and Jie Tang and Wojciech Zaremba},
        Title = {OpenAI Gym},
        Year = {2016},
        Eprint = {arXiv:1606.01540},
}

@article{DBLP:journals/corr/abs-1207-4708,
  author    = {Marc G. Bellemare and
               Yavar Naddaf and
               Joel Veness and
               Michael Bowling},
  title     = {The Arcade Learning Environment: An Evaluation Platform for General
               Agents},
  journal   = {CoRR},
  volume    = {abs/1207.4708},
  year      = {2012},
  url       = {http://arxiv.org/abs/1207.4708},
  timestamp = {Wed, 07 Jun 2017 14:43:03 +0200},
  biburl    = {http://dblp.uni-trier.de/rec/bib/journals/corr/abs-1207-4708},
  bibsource = {dblp computer science bibliography, http://dblp.org}
}

@Article{bellemare13arcade,
  author = {{Bellemare}, M.~G. and {Naddaf}, Y. and {Veness}, J. and {Bowling}, M.},
  title = {The Arcade Learning Environment: An Evaluation Platform for General Agents},
  journal = {Journal of Artificial Intelligence Research},
  year = "2013",
  month = "jun",
  volume = "47",
  pages = "253--279",
}

@article{JMLR:v16:geramifard15a,
  author  = {Alborz Geramifard and Christoph Dann and Robert H. Klein and William Dabney and Jonathan P. How},
  title   = {RLPy: A Value-Function-Based Reinforcement Learning Framework for Education and Research},
  journal = {Journal of Machine Learning Research},
  year    = {2015},
  volume  = {16},
  pages   = {1573-1578},
  url     = {http://jmlr.org/papers/v16/geramifard15a.html}
}

@article{Todorov2012MuJoCoAP,
  title={MuJoCo: A physics engine for model-based control},
  author={Emanuel Todorov and Tom Erez and Yuval Tassa},
  journal={2012 IEEE/RSJ International Conference on Intelligent Robots and Systems},
  year={2012},
  pages={5026-5033}
}

@article{DBLP:journals/corr/MnihKSGAWR13,
  author    = {Volodymyr Mnih and
               Koray Kavukcuoglu and
               David Silver and
               Alex Graves and
               Ioannis Antonoglou and
               Daan Wierstra and
               Martin A. Riedmiller},
  title     = {Playing Atari with Deep Reinforcement Learning},
  journal   = {CoRR},
  volume    = {abs/1312.5602},
  year      = {2013},
  url       = {http://arxiv.org/abs/1312.5602},
  timestamp = {Wed, 07 Jun 2017 14:43:06 +0200},
  biburl    = {http://dblp.uni-trier.de/rec/bib/journals/corr/MnihKSGAWR13},
  bibsource = {dblp computer science bibliography, http://dblp.org}
}


@inproceedings{zheng2013decision,
  title={A decision-making method for autonomous vehicles based on simulation and reinforcement learning},
  author={Zheng, Rui and Liu, Chunming and Guo, Qi},
  booktitle={Machine Learning and Cybernetics (ICMLC), 2013 International Conference on},
  volume={1},
  pages={362--369},
  year={2013},
  organization={IEEE}
}

@article{vanhulsel2009simulation,
  title={Simulation of sequential data: An enhanced reinforcement learning approach},
  author={Vanhulsel, Marlies and Janssens, Davy and Wets, Geert and Vanhoof, Koen},
  journal={Expert Systems with Applications},
  volume={36},
  number={4},
  pages={8032--8039},
  year={2009},
  publisher={Elsevier}
}

