@article{DBLP:journals/corr/RaghuKCSG17,
  author    = {Aniruddh Raghu and
               Matthieu Komorowski and
               Leo Anthony Celi and
               Peter Szolovits and
               Marzyeh Ghassemi},
  title     = {Continuous State-Space Models for Optimal Sepsis Treatment - a Deep
               Reinforcement Learning Approach},
  journal   = {CoRR},
  volume    = {abs/1705.08422},
  year      = {2017},
  url       = {http://arxiv.org/abs/1705.08422},
  archivePrefix = {arXiv},
  eprint    = {1705.08422},
  timestamp = {Wed, 07 Jun 2017 14:41:51 +0200},
  biburl    = {http://dblp.org/rec/bib/journals/corr/RaghuKCSG17},
  bibsource = {dblp computer science bibliography, http://dblp.org}
}

@article{parbhoo2017combining,
  title={Combining Kernel and Model Based Learning for HIV Therapy Selection},
  author={Parbhoo, Sonali and Bogojeska, Jasmina and Zazzi, Maurizio and Roth, Volker and Doshi-Velez, Finale},
  journal={AMIA Summits on Translational Science Proceedings},
  volume={2017},
  pages={239},
  year={2017},
  publisher={American Medical Informatics Association}
}

@article{DBLP:journals/corr/abs-1207-4708,
  author    = {Marc G. Bellemare and
               Yavar Naddaf and
               Joel Veness and
               Michael Bowling},
  title     = {The Arcade Learning Environment: An Evaluation Platform for General
               Agents},
  journal   = {CoRR},
  volume    = {abs/1207.4708},
  year      = {2012},
  url       = {http://arxiv.org/abs/1207.4708},
  timestamp = {Wed, 07 Jun 2017 14:43:03 +0200},
  biburl    = {http://dblp.uni-trier.de/rec/bib/journals/corr/abs-1207-4708},
  bibsource = {dblp computer science bibliography, http://dblp.org}
}

@article{DBLP:journals/corr/MnihKSGAWR13,
  author    = {Volodymyr Mnih and
               Koray Kavukcuoglu and
               David Silver and
               Alex Graves and
               Ioannis Antonoglou and
               Daan Wierstra and
               Martin A. Riedmiller},
  title     = {Playing Atari with Deep Reinforcement Learning},
  journal   = {CoRR},
  volume    = {abs/1312.5602},
  year      = {2013},
  url       = {http://arxiv.org/abs/1312.5602},
  timestamp = {Wed, 07 Jun 2017 14:43:06 +0200},
  biburl    = {http://dblp.uni-trier.de/rec/bib/journals/corr/MnihKSGAWR13},
  bibsource = {dblp computer science bibliography, http://dblp.org}
}

@article{wang2015dueling,
  title={Dueling network architectures for deep reinforcement learning},
  author={Wang, Ziyu and Schaul, Tom and Hessel, Matteo and Van Hasselt, Hado and Lanctot, Marc and De Freitas, Nando},
  journal={arXiv preprint arXiv:1511.06581},
  year={2015}
}

@article{breuer2004intensive,
  title={The Intensive Care Simulator: a new teaching-concept to train severe sepsis management},
  author={Breuer, G and Riss, R and Schr{\"o}der, T and M{\"o}nk, S and Sch{\"u}ttler, J},
  journal={Deutsche medizinische Wochenschrift (1946)},
  volume={129},
  number={48},
  pages={2586--2589},
  year={2004}
}

@article{esteban2017real,
  title={Real-valued (Medical) Time Series Generation with Recurrent Conditional GANs},
  author={Esteban, Crist{\'o}bal and Hyland, Stephanie L and R{\"a}tsch, Gunnar},
  journal={arXiv preprint arXiv:1706.02633},
  year={2017}
}

@article{clermont2004dynamic,
  title={Dynamic microsimulation to model multiple outcomes in cohorts of critically ill patients},
  author={Clermont, Gilles and Kaplan, Vladimir and Moreno, Rui and Vincent, Jean-Louis and Linde-Zwirble, Walter T and Van Hout, Ben and Angus, Derek C},
  journal={Intensive care medicine},
  volume={30},
  number={12},
  pages={2237--2244},
  year={2004},
  publisher={Springer}
}

@article{saka2007use,
  title={Use of dynamic microsimulation to predict disease progression in patients with pneumonia-related sepsis},
  author={Saka, G{\"o}rkem and Kreke, Jennifer E and Schaefer, Andrew J and Chang, Chung-Chou H and Roberts, Mark S and Angus, Derek C and GenIMS Investigators and others},
  journal={Critical Care},
  volume={11},
  number={3},
  pages={R65},
  year={2007},
  publisher={BioMed Central}
}

@inproceedings{maclaurin2015autograd,
  title={Autograd: Effortless gradients in numpy},
  author={Maclaurin, Dougal and Duvenaud, David and Adams, Ryan P},
  booktitle={ICML 2015 AutoML Workshop},
  year={2015}
}

@inproceedings{thomas2016data,
  title={Data-efficient off-policy policy evaluation for reinforcement learning},
  author={Thomas, Philip and Brunskill, Emma},
  booktitle={International Conference on Machine Learning},
  pages={2139--2148},
  year={2016}
}

@article{liumodel,
  title={Model Selection for Off-Policy Policy Evaluation},
  author={Liu, Yao and Thomas, Philip S and Brunskill, Emma},
  biburl    = {http://psthomas.com/papers/Yao2017.pdf}
}

@article{shazeer2017outrageously,
  title={Outrageously large neural networks: The sparsely-gated mixture-of-experts layer},
  author={Shazeer, Noam and Mirhoseini, Azalia and Maziarz, Krzysztof and Davis, Andy and Le, Quoc and Hinton, Geoffrey and Dean, Jeff},
  journal={arXiv preprint arXiv:1701.06538},
  year={2017}
}

@article{waechter2014interaction,
  title={Interaction between fluids and vasoactive agents on mortality in septic shock: a multicenter, observational study},
  author={Waechter, Jason and Kumar, Anand and Lapinsky, Stephen E and Marshall, John and Dodek, Peter and Arabi, Yaseen and Parrillo, Joseph E and Dellinger, R Phillip and Garland, Allan and Cooperative Antimicrobial Therapy of Septic Shock Database Research Group and others},
  journal={Critical care medicine},
  volume={42},
  number={10},
  pages={2158--2168},
  year={2014},
  publisher={LWW}
}

@article{johnson2016mimic,
  title={MIMIC-III, a freely accessible critical care database},
  author={Johnson, Alistair EW and Pollard, Tom J and Shen, Lu and Lehman, Li-wei H and Feng, Mengling and Ghassemi, Mohammad and Moody, Benjamin and Szolovits, Peter and Celi, Leo Anthony and Mark, Roger G},
  journal={Scientific data},
  volume={3},
  year={2016},
  publisher={Nature Publishing Group}
}

